% Encoding: UTF-8

@Electronic{Salud2009,
  author = {Secretaría de Salud},
  month  = aug,
  year   = {2009},
  title  = {Situación actual de la epidemia},
  url    = {http://web.archive.org/web/20090823104214/http://portal.salud.gob.mx/sites/salud/descargas/pdf/influenza/situacion_actual_epidemia_200809.pdf},
}

@Book{Bacaer2011,
  title     = {A Short History of Mathematical Population Dynamics},
  publisher = {Springer},
  year      = {2011},
  author    = {Nicolas Bacaër},
}

@Article{Fielding2014,
  author  = {Fielding, James E. and Kelly, Heath A. and Mercer, Geoffry N. and Glass, Kathryn},
  title   = {Systematic review of infuenza A(H1N1)pdm09 virus shedding: duration is affected by severity, but not age},
  journal = {Influenza and other respiratory viruses},
  year    = {2014},
  volume  = {8},
  number  = {2},
  pages   = {142--150},
  month   = mar,
}

@Article{Navarro-Robles2012,
  author  = {Navarro-Robles, Estela and Martínez-Matsushita, Louis and López-Molina, Rubén and Fritz-Hernández, Jimena and Flores-Aldana, Bárbara Aida and Mendoza-Pérez, Juan Carlos},
  title   = {Modelo para estimación del comportamiento epidémico de la influenza A (H1N1) en México},
  journal = {Revista Panameticana de Salud Pública},
  year    = {2012},
  volume  = {31},
  number  = {4},
  pages   = {269--274},
  month   = apr,
}

@Comment{jabref-meta: databaseType:bibtex;}
